@website{prologix,
title={Prologix},
url={http://prologix.biz/images/detailed/0/GPIB-Ethernet-back.jpg}
}


@website{SR,
title={Stanford Research},
url={http://www.thinksrs.com/products/SR510530.htm}
}

@website{python,
title={Python homepage},
url={http://www.python.org/}
}

@website{PI,
title={Physik Instrumente},
url={http://www.physikinstrumente.com/en/primages/pi_c867_160_m692_i4c_o.jpg}
}

@website{wolf,
title={Wolfram Alpha},
url ={http://scienceworld.wolfram.com/physics/FourierTransformSpectrometer.html}
}

@website{ucdavis,
title={UC Davis},
url={http://chemwiki.ucdavis.edu/Physical_Chemistry/Spectroscopy/Fundamentals/The_Power_of_the_Fourier_Transform_for_Spectroscopists}
}