@book{greenfield2004software,
title={Software factories},
author={Greenfield, J. and Short, K. and Cook, S. and Kent, S.},
year={2004},
publisher={Citeseer}
}

@website{prologix,
title={Prologix},
url={http://prologix.biz/images/detailed/0/GPIB-Ethernet-back.jpg}
}

@website{SR,
title={Stanford Research},
url={http://www.thinksrs.com/products/SR510530.htm}
}

@website{python,
title={Python homepage},
url={http://www.python.org/}
}

@website{PI,
title={Physik Instrumente},
url={http://www.physikinstrumente.com/en/primages/pi_c867_160_m692_i4c_o.jpg}
}